<record><leader>00000cas a22000007a 4500</leader><controlfield tag="001">16632309</controlfield><controlfield tag="008">870902d19111921ohuwr ne      0    0eng d</controlfield><datafield ind1=" " ind2=" " tag="010"><subfield code="a">sn 87076648 </subfield></datafield><datafield ind1=" " ind2=" " tag="040"><subfield code="a">ONP</subfield><subfield code="b">eng</subfield><subfield code="c">ONP</subfield><subfield code="d">OCLCQ</subfield></datafield><datafield ind1=" " ind2=" " tag="042"><subfield code="a">msc</subfield></datafield><datafield ind1="0" ind2=" " tag="130"><subfield code="a">Weekly Jeffersonian (Findlay, Ohio : 1911)</subfield></datafield><datafield ind1="1" ind2="4" tag="245"><subfield code="a">The Weekly Jeffersonian.</subfield></datafield><datafield ind1=" " ind2=" " tag="260"><subfield code="a">Findlay, Ohio :</subfield><subfield code="b">Findlay Pub. Co.,</subfield><subfield code="c">1911-1921.</subfield></datafield><datafield ind1=" " ind2=" " tag="310"><subfield code="a">Weekly</subfield></datafield><datafield ind1="0" ind2=" " tag="362"><subfield code="a">Vol. 4, no. 52 (Apr. 20, 1911)-v. 12, no. 52 (Nov. 3, 1921) = vol. 43, no. 17-v. 64, no. 16.</subfield></datafield><datafield ind1=" " ind2=" " tag="752"><subfield code="a">United States</subfield><subfield code="b">Ohio</subfield><subfield code="c">Hancock</subfield><subfield code="d">Findlay.</subfield></datafield><datafield ind1="0" ind2="0" tag="780"><subfield code="a">Republican-Jeffersonian</subfield><subfield code="w">(DLC)sn 87076647</subfield></datafield></record>